<record><leader>00000cas a2200000 a 4500</leader><controlfield tag="001">13681656</controlfield><controlfield tag="008">860603d18uu186upauwr ne      0    0eng c</controlfield><datafield ind1=" " ind2=" " tag="010"><subfield code="a">sn 86081795 </subfield></datafield><datafield ind1=" " ind2=" " tag="040"><subfield code="a">NPH</subfield><subfield code="b">eng</subfield><subfield code="c">NPH</subfield><subfield code="d">NVF</subfield><subfield code="d">OCLCQ</subfield><subfield code="d">OCLCF</subfield><subfield code="d">OCLCO</subfield><subfield code="d">OCLCA</subfield></datafield><datafield ind1="1" ind2=" " tag="029"><subfield code="a">AU@</subfield><subfield code="b">000020431320</subfield></datafield><datafield ind1=" " ind2=" " tag="042"><subfield code="a">pcc</subfield></datafield><datafield ind1=" " ind2=" " tag="043"><subfield code="a">n-us-pa</subfield></datafield><datafield ind1="0" ind2="0" tag="245"><subfield code="a">Upland union, and Delaware County Democrat and people's advocate.</subfield></datafield><datafield ind1="1" ind2=" " tag="246"><subfield code="i">Published &lt;Apr. 2, 1839-Dec. 2, 1846&gt; as:</subfield><subfield code="a">Upland union, Delaware County Democrat and people's advocate</subfield></datafield><datafield ind1=" " ind2=" " tag="260"><subfield code="a">Chester, Pa. :</subfield><subfield code="b">A.M. Nesbitt</subfield></datafield><datafield ind1=" " ind2=" " tag="300"><subfield code="a">v.</subfield></datafield><datafield ind1=" " ind2=" " tag="310"><subfield code="a">Weekly</subfield></datafield><datafield ind1="1" ind2=" " tag="362"><subfield code="a">Ceased in Feb. 1861?</subfield></datafield><datafield ind1=" " ind2=" " tag="588"><subfield code="a">Description based on: Vol. 20, no. 30 (May 29, 1838).</subfield></datafield><datafield ind1=" " ind2="0" tag="651"><subfield code="a">Chester (Pa.)</subfield><subfield code="v">Newspapers.</subfield></datafield><datafield ind1=" " ind2="0" tag="651"><subfield code="a">Delaware County (Pa.)</subfield><subfield code="v">Newspapers.</subfield></datafield><datafield ind1=" " ind2="7" tag="655"><subfield code="a">Newspapers.</subfield><subfield code="2">fast</subfield><subfield code="0">(OCoLC)fst01423814</subfield></datafield><datafield ind1=" " ind2="7" tag="651"><subfield code="a">Pennsylvania</subfield><subfield code="z">Chester.</subfield><subfield code="2">fast</subfield><subfield code="0">(OCoLC)fst01215693</subfield></datafield><datafield ind1=" " ind2="7" tag="651"><subfield code="a">Pennsylvania</subfield><subfield code="z">Delaware County.</subfield><subfield code="2">fast</subfield><subfield code="0">(OCoLC)fst01202932</subfield></datafield><datafield ind1=" " ind2=" " tag="752"><subfield code="a">United States</subfield><subfield code="b">Pennsylvania</subfield><subfield code="c">Delaware</subfield><subfield code="d">Chester.</subfield></datafield><datafield ind1="0" ind2="0" tag="780"><subfield code="t">Upland union, or, Delaware County, Kingsessing and Blockley advertiser</subfield><subfield code="w">(DLC)sn 86071305</subfield></datafield></record>